@misc{benevenuto2015metodos,
  title={M{\'e}todos para An{\'a}lise de Sentimentos em m{\'\i}dias sociais},
  author={Benevenuto, Fabr{\'\i}cio and Ribeiro, Filipe and Ara{\'u}jo, Matheus},
  year={2015}
}
@article{benevenuto2011coleta,
  title={Coleta e an{\'a}lise de grandes bases de dados de redes sociais online},
  author={Benevenuto, Fabr{\'\i}cio and Almeida, J and Silva, A},
  journal={Jornadas de Atualiza{\c{c}}{\~a}o em Inform{\'a}tica (JAI)},
  pages={11--57},
  year={2011}
}

@book{indurkhya2010handbook,
  title={Handbook of natural language processing},
  author={Indurkhya, Nitin and Damerau, Fred J},
  volume={2},
  year={2010},
  publisher={CRC Press}
}